<?xml version="1.0" encoding="UTF-8"?><collection xmlns="http://www.loc.gov/MARC21/slim"><record><leader>00569nam--2200205-i-4500</leader><controlfield tag="001">000000051</controlfield><controlfield tag="002">20161230</controlfield><controlfield tag="005">20170101234000</controlfield><controlfield tag="008">060222s1000------------r-----000-0-fre-d</controlfield><datafield ind1=" " ind2=" " tag="020"><subfield code="a">2040103856</subfield></datafield><datafield ind1=" " ind2=" " tag="040"><subfield code="a">IFIN-HH</subfield></datafield><datafield ind1=" " ind2=" " tag="041"><subfield code="a">fre</subfield></datafield><datafield ind1=" " ind2=" " tag="080"><subfield code="a">537.222.22:621.315.592:621.382</subfield></datafield><datafield ind1="1" ind2=" " tag="100"><subfield code="a">Leturcq, Philippe</subfield></datafield><datafield ind1="1" ind2="0" tag="245"><subfield code="a">Physique des composants actifs a semiconducteurs</subfield><subfield code="c">Phillipe Leturcq, Gerard Rey</subfield></datafield><datafield ind1=" " ind2=" " tag="260"><subfield code="a">Dunod</subfield><subfield code="b">Dunod Universite</subfield><subfield code="c">1978</subfield></datafield><datafield ind1=" " ind2=" " tag="300"><subfield code="a">IX + 166 P</subfield></datafield><datafield ind1="1" ind2=" " tag="700"><subfield code="a">Rey, Gerard</subfield></datafield><datafield ind1=" " ind2=" " tag="852"><subfield code="a">71360</subfield><subfield code="c">537.311.33</subfield></datafield><datafield ind1=" " ind2=" " tag="CAT"><subfield code="a">SYS</subfield><subfield code="c">20170101</subfield><subfield code="h">234000</subfield></datafield></record></collection>